<record><leader>00000cas a22000007a 4500</leader><controlfield tag="001">15643798</controlfield><controlfield tag="008">870507d19151919iauwr ne      0    0eng d</controlfield><datafield ind1=" " ind2=" " tag="010"><subfield code="a">sn 87058196 </subfield></datafield><datafield ind1=" " ind2=" " tag="040"><subfield code="a">INP</subfield><subfield code="b">eng</subfield><subfield code="c">INP</subfield><subfield code="d">OCLCQ</subfield></datafield><datafield ind1=" " ind2=" " tag="042"><subfield code="a">msc</subfield></datafield><datafield ind1="0" ind2="4" tag="245"><subfield code="a">The Nichols courier.</subfield></datafield><datafield ind1=" " ind2=" " tag="260"><subfield code="a">Nichols, Muscatine County, Iowa :</subfield><subfield code="b">[s.n.]</subfield></datafield><datafield ind1=" " ind2=" " tag="300"><subfield code="a">v.</subfield></datafield><datafield ind1=" " ind2=" " tag="310"><subfield code="a">Weekly</subfield></datafield><datafield ind1="1" ind2=" " tag="362"><subfield code="a">Began in 1915; ceased in 1919?</subfield></datafield><datafield ind1=" " ind2=" " tag="500"><subfield code="a">Includes sections called: The Conesville courier, &lt;Dec. 31, 1915-June 1, 1917&gt;; The Atalissa courier, &lt;May 18-June 1, 1917&gt;.</subfield></datafield><datafield ind1=" " ind2=" " tag="588"><subfield code="a">Description based on: Vol. 1, no. 45 (Dec. 31, 1915).</subfield></datafield><datafield ind1=" " ind2=" " tag="752"><subfield code="a">United States</subfield><subfield code="b">Iowa</subfield><subfield code="c">Muscatine</subfield><subfield code="d">Nichols.</subfield></datafield><datafield ind1=" " ind2=" " tag="752"><subfield code="a">United States</subfield><subfield code="b">Iowa</subfield><subfield code="c">Muscatine</subfield><subfield code="d">Conesville.</subfield></datafield><datafield ind1=" " ind2=" " tag="752"><subfield code="a">United States</subfield><subfield code="b">Iowa</subfield><subfield code="c">Muscatine</subfield><subfield code="d">Atalissa.</subfield></datafield><datafield ind1="1" ind2=" " tag="787"><subfield code="t">Conesville courier</subfield></datafield><datafield ind1="1" ind2=" " tag="787"><subfield code="t">Atalissa courier</subfield></datafield></record>